@Misc{MicrosoftCorporation2022,
  author    = {{Microsoft Corporation}},
  title     = {VS Code Extension Samples},
  year      = {2022},
  abstract  = {Sample code illustrating the VS Code extension API.},
  journal   = {GitHub repository},
  publisher = {GitHub},
  url       = {https://github.com/microsoft/vscode-extension-samples},
  urldate   = {2022-06-12},
}

@Misc{MicrosoftCorporation2022a,
  author   = {{Microsoft Corporation}},
  month    = jun,
  title    = {Language {Server} {Extension} {Guide}},
  year     = {2022},
  abstract = {Learn how to create Language Servers to provide rich language features in Visual Studio Code.},
  language = {en},
  url      = {https://code.visualstudio.com/api/language-extensions/language-server-extension-guide},
  urldate  = {2022-06-14},
}

@Book{GottfriedVossen2016,
  author    = {Gottfried Vossen, Kurt-Ulrich Witt},
  publisher = {Springer-Verlag GmbH},
  title     = {Grundkurs Theoretische Informatik},
  year      = {2016},
  isbn      = {9783834822024},
  month     = sep,
  doi       = {https://doi.org/10.1007/978-3-8348-2202-4},
  ean       = {9783834822024},
  pagetotal = {485},
  url       = {https://link.springer.com/book/10.1007/978-3-8348-2202-4},
}

@Article{BernhardHollunder2022,
  author  = {Prof. Dr. {Bernhard Hollunder}},
  title   = {{DSL construction with Xtext and Xtend}},
  year    = {2022},
  number  = {5},
  pages   = {98},
  volume  = {{Model-Driven Software Development}},
  urldate = {2022-06-16},
}

@Comment{jabref-meta: databaseType:bibtex;}

@Comment{jabref-meta: fileDirectory-GV9744-PEV22831:C:\\Users\\gv9744\\Documents\\LoRa-Thesis\\files;}

@Comment{jabref-meta: fileDirectory-zitrone-ZitronenManjaro:/home/zitrone/Desktop/LoRa-Thesis/files;}

@Comment{jabref-meta: fileDirectoryLatex-GV9744-PEV22831:C:\\Users\\gv9744\\Documents\\LoRa-Thesis;}

@Comment{jabref-meta: fileDirectoryLatex-zitrone-ZitronenManjaro:\\home\\zitrone\\Desktop\\LoRa-Thesis;}

@Comment{jabref-meta: grouping:
0 AllEntriesGroup:;
1 StaticGroup:Status\;2\;1\;0x8a8a8aff\;read\;\;;
2 KeywordGroup:Skimmed\;0\;readstatus\;skimmed\;0\;0\;1\;0xffff00ff\;\;\;;
2 KeywordGroup:Read\;0\;readstatus\;read\;0\;0\;1\;0x0000ffff\;eye\;\;;
2 KeywordGroup:Relevance\;0\;relevance\;relevant\;0\;0\;1\;0x00ff00ff\;star_box\;\;;
2 StaticGroup:Priority\;2\;0\;0x00ffffff\;flag\;\;;
3 KeywordGroup:Low\;0\;priority\;prio3\;0\;0\;0\;0x999900ff\;\;\;;
3 KeywordGroup:Medium\;0\;priority\;prio2\;0\;0\;0\;0xff00ffff\;\;\;;
3 KeywordGroup:High\;0\;priority\;prio1\;0\;0\;1\;0x800000ff\;\;\;;
2 TexGroup:Zitiert\;0\;/home/zitrone/Desktop/LoRa-Thesis/main.aux\;1\;0xccffccff\;book_open_variant\;\;;
1 StaticGroup:Rating\;2\;0\;0x8a8a8aff\;star\;\;;
2 KeywordGroup:1 Star\;0\;ranking\;rank1\;0\;0\;1\;0x800000ff\;\;\;;
2 KeywordGroup:2 Stars\;0\;ranking\;rank2\;0\;0\;1\;0xb31a1aff\;\;\;;
2 KeywordGroup:3 Stars\;0\;ranking\;rank3\;0\;0\;1\;0xffff00ff\;\;\;;
2 KeywordGroup:4 Stars\;0\;ranking\;rank4\;0\;0\;1\;0x003300ff\;\;\;;
2 KeywordGroup:5 Stars\;0\;ranking\;rank5\;0\;0\;1\;0x00ff00ff\;\;\;;
1 StaticGroup:Energiekosten\;0\;0\;0x8a8a8aff\;thermostat\;\;;
1 SearchGroup:Microchip\;0\;Microchip\;0\;0\;1\;0x8a8a8aff\;chip\;\;;
2 SearchGroup:Atmel\;0\;Atmel\;0\;0\;1\;0x8a8a8aff\;\;\;;
1 StaticGroup:IoT\;0\;1\;0x8a8a8aff\;internet\;\;;
1 StaticGroup:Architektur\;0\;1\;0x8a8a8aff\;\;\;;
1 StaticGroup:UART\;0\;1\;0x8a8a8aff\;\;\;;
}
